%% This BibTeX bibliography file was created using BibDesk.
%% https://bibdesk.sourceforge.io/

%% Created for Polina Egorova at 2023-10-16 22:48:29 +0300 


%% Saved with string encoding Unicode (UTF-8) 



@misc{sqllite,
	date-added = {2023-10-16 22:47:43 +0300},
	date-modified = {2023-10-16 22:48:10 +0300},
	title = {About SQLite},
	url = {https://www.sqlite.org/about.html}}

@misc{aiogram,
	date-added = {2023-10-16 22:47:06 +0300},
	date-modified = {2023-10-16 22:47:40 +0300},
	title = {Aiogram},
	url = {https://aiogram.dev}}

@misc{safety,
	date-added = {2023-10-16 22:45:16 +0300},
	date-modified = {2023-10-16 22:46:07 +0300},
	title = {ГОСТ Р 12.3.050-2017 Система стандартов безопасности труда (ССБТ). Строительство. Работы на высоте. Правила безопасности},
	url = {https://docs.cntd.ru/document/1200146290}}

@misc{pycharm,
	date-added = {2023-10-16 20:39:43 +0300},
	date-modified = {2023-10-16 22:48:29 +0300},
	rating = {0},
	read = {0},
	title = {PyCharm: IDE для профессиональной разработки на Python},
	url = {https://www.jetbrains.com/ru-ru/pycharm/},
	bdsk-url-1 = {https://www.jetbrains.com/ru-ru/pycharm/}}
